@article{COGGON20051434,
title = "Time and chance: the stochastic nature of disease causation",
journal = "The Lancet",
volume = "365",
number = "9468",
pages = "1434 - 1437",
year = "2005",
issn = "0140-6736",
doi = "https://doi.org/10.1016/S0140-6736(05)66380-5",
url = "http://www.sciencedirect.com/science/article/pii/S0140673605663805",
author = "DIW Coggon and CN Martyn"
}

@article{Zadeh1996,
author = {Zadeh, Lofti A.},
journal = {Advances in Fuzzy Systems-Applications and Theory},
number = {4},
pages = {551--556},
title = {Fuzzy sets and information granularity},
volume = {26},
year = {1996}
}
@misc{L.A.Zadeh1968,
author = {{L. A. Zadeh}},
booktitle = {Journal of Mathematical Analysis and Applications},
file = {:home/camivasz/Noveno semestre/Probability measures of fuzzy events 1968.pdf:pdf},
mendeley-groups = {AI},
number = {2},
pages = {421--427},
title = {{Probability measures of fuzzy events}},
volume = {23},
year = {1968}
}
@misc{L.A.Zadeh1965,
author = {L. A. Zadeh},
booktitle = {IEEE International Symposium on Information Theory - Proceedings},
doi = {10.1109/ISIT.1994.394967},
isbn = {0780320158},
issn = {21578095},
pages = {4},
title = {{Fuzzy sets}},
year = {1965}
}
@book{Quintero2018,
author = {Quintero, Olga Lucia},
month = {November},
publisher = {Universidad EAFIT},
title = {{Machine Intelligence for Human Decision Making}},
year = {2018}
}

@article{Safdari2018,
author = {Safdari, Reza and Arpanahi, Hadi Kazemi and Langarizadeh, Mostafa and Ghazisaiedi, Marjan and Dargahi, Hossein and Zendehdel, Kazem},
doi = {10.5455/aim.2018.26.19-23},
file = {:home/camivasz/Noveno semestre/Fuzzy{\_}project{\_}bibliography/AIM-26-19.pdf:pdf},
issn = {19865988},
journal = {Acta Informatica Medica},
keywords = {Fuzzy logic,Gastric cancer,Preliminary detection,Risk analysis},
mendeley-groups = {Fuzzy cancer},
number = {1},
pages = {19--23},
title = {{Design a fuzzy rule-based expert system to aid earlier diagnosis of gastric cancer}},
volume = {26},
year = {2018}
}

@article{Cosma2016,
author = {Cosma, Georgina and Acampora, Giovanni and Brown, David and Rees, Robert C. and Khan, Masood and Pockley, A. Graham},
doi = {10.1371/journal.pone.0155856},
issn = {19326203},
journal = {PLoS ONE},
mendeley-groups = {Fuzzy cancer},
number = {6},
pages = {1--27},
title = {{Prediction of pathological stage in patients with prostate cancer: A neuro-fuzzy model}},
volume = {11},
year = {2016}
}
@article{Benecchi2006,
author = {Benecchi, Luigi},
doi = {10.1016/j.urology.2006.03.003},
issn = {00904295},
journal = {Urology},
mendeley-groups = {Fuzzy cancer},
number = {2},
pages = {357--361},
pmid = {16904452},
title = {{Neuro-fuzzy system for prostate cancer diagnosis}},
volume = {68},
year = {2006}
}
@article{Atnccedil2012,
author = {Atınccedil, Yılmaz and Kuuml rşat, Ayan},
doi = {10.5897/ajb11.2499},
file = {:home/camivasz/Noveno semestre/Fuzzy{\_}project{\_}bibliography/100235-265117-1-PB.pdf:pdf},
issn = {1684-5315},
journal = {African Journal of Biotechnology},
keywords = {a rtificial ıntelligence,cancer,fuzzy logic,fuzzy logic technique,new,preliminary diagnosis,risk analysis,soft computing},
mendeley-groups = {Fuzzy cancer},
number = {4},
pages = {979--991},
title = {{Comparison with Sugeno Model and Measurement Of Cancer Risk Analysis By New Fuzzy Logic Approach}},
volume = {11},
year = {2012}
}
@article{Dudek2012,
author = {Dudek, Gabriela and Strzelewicz, Anna and Krasowska, Monika and Rybak, Aleksandra and Turczyn, Roman},
doi = {10.5506/APhysPolB.43.947},
file = {:home/camivasz/Noveno semestre/Fuzzy{\_}project{\_}bibliography/ContentServer.pdf:pdf},
issn = {05874254},
journal = {Acta Physica Polonica B},
mendeley-groups = {Fuzzy cancer},
number = {5},
pages = {947--959},
title = {{Fuzzy analysis of the cancer risk factor}},
volume = {43},
year = {2012}
}
@article{Khezri2014,
author = {Khezri, R and Hosseini, R. and Mazinani, M.},
doi = {10.5829/idosi.ije.2014.27.10a.09},
file = {:home/camivasz/Noveno semestre/Fuzzy{\_}project{\_}bibliography/8562014A1009.pdf:pdf},
issn = {17281431},
journal = {International Journal of Engineering, Transactions A: Basics},
keywords = {Breast cancer,Fuzzy expert system,Prognosis,Soft computing},
mendeley-groups = {Fuzzy cancer},
number = {10},
pages = {1557--1564},
title = {{A fuzzy rule-based expert system for the prognosis of the risk of development of the breast cancer}},
volume = {27},
year = {2014}
}
@article{Ylmaz2016,
author = {Yılmaz, Atın{\c{c}} and Arı, Se{\c{c}}kin and Kocabı{\c{c}}ak, {\"{U}}mit},
doi = {10.1016/j.cmpb.2016.09.002},
file = {:home/camivasz/Noveno semestre/Fuzzy{\_}project{\_}bibliography/1-s2.0-S0169260715302467-main.pdf:pdf},
issn = {18727565},
journal = {Computer Methods and Programs in Biomedicine},
keywords = {Cancer,Early diagnosis,Lung cancer,Neuro-fuzzy logic,Risk,Stress},
mendeley-groups = {Fuzzy cancer},
pages = {35--46},
publisher = {Elsevier Ireland Ltd},
title = {{Risk analysis of lung cancer and effects of stress level on cancer risk through neuro-fuzzy model}},
url = {http://dx.doi.org/10.1016/j.cmpb.2016.09.002},
volume = {137},
year = {2016}
}
@article{Balanica2011,
author = {Balanicǎ, Victor and Dumitrache, Ioan and Caramihai, Mihai and Rae, William and Herbst, Charles},
file = {:home/camivasz/Noveno semestre/Fuzzy{\_}project{\_}bibliography/Evaluation{\_}of{\_}breast{\_}cancer{\_}risk{\_}by{\_}using{\_}fuzzy{\_}lo.pdf:pdf},
issn = {22863559},
journal = {UPB Scientific Bulletin, Series C: Electrical Engineering},
keywords = {Breast cancer diagnosis,CAD,Fuzzy intelligent technique},
mendeley-groups = {Fuzzy cancer},
number = {1},
pages = {53--64},
title = {{Evaluation of breast cancer risk by using fuzzy logic}},
volume = {73},
year = {2011}
}
@article{Brand2006,
author = {Brand, Rhonda M. and Jones, David D. and Lynch, Henry T. and Brand, Randall E. and Watson, Patrice and Ashwathnayaran, Ramesh and Roy, Hemant K.},
doi = {10.3748/wjg.v12.i28.4485},
file = {:home/camivasz/Noveno semestre/Fuzzy{\_}project{\_}bibliography/WJG-12-4485.pdf:pdf},
issn = {10079327},
journal = {World Journal of Gastroenterology},
keywords = {Colorectal cancer,Fuzzy modelling,Hereditary non-polyposis colorectal cancer,Lynch syndrome,Risk assessment,Smoking},
mendeley-groups = {Fuzzy cancer},
number = {28},
pages = {4485--4491},
title = {{Risk colon cancer in hereditary non-polyposis colorectal cancer patients as predicted by fuzzy modeling: Influence of smoking}},
volume = {12},
year = {2006}
}
@article{Yilmaz2011,
author = {Yilmaz, A. and Ayan, K.},
doi = {10.5897/SRE11.840},
file = {:home/camivasz/Noveno semestre/Fuzzy{\_}project{\_}bibliography/yilmaz2011.pdf:pdf},
isbn = {9781612849683},
issn = {19922248},
journal = {Scientific Research and Essays},
keywords = {Analysis,Breast cancer,Cancer,Fuzzy logic,Preliminary diagnosis,Risk,Soft computing,Stress},
mendeley-groups = {Fuzzy cancer},
number = {24},
pages = {5179--5191},
title = {{Risk analysis in breast cancer disease by using fuzzy logic and effects of stress level on cancer risk}},
volume = {6},
year = {2011}
}
@article{Papageorgiou2015,
author = {Papageorgiou, Elpiniki I. and Subramanian, Jayashree and Karmegam, Akila and Papandrianos, Nikolaos},
doi = {10.1016/j.cmpb.2015.07.003},
file = {:home/camivasz/Noveno semestre/Fuzzy{\_}project{\_}bibliography/1-s2.0-S0169260715001807-main.pdf:pdf},
issn = {18727565},
journal = {Computer Methods and Programs in Biomedicine},
keywords = {Familial breast cancer,Fuzzy Cognitive Maps,Hebbian learning,Medical decision support systems,Risk assessment},
mendeley-groups = {Fuzzy cancer},
number = {2},
pages = {123--135},
publisher = {Elsevier Ireland Ltd},
title = {{A risk management model for familial breast cancer: A new application using Fuzzy Cognitive Map method}},
url = {http://dx.doi.org/10.1016/j.cmpb.2015.07.003},
volume = {122},
year = {2015}
}
@article{Gayathri2016,
author = {Gayathri, B. M. and Sumathi, C. P.},
doi = {10.1109/ICCIC.2015.7435670},
file = {:home/camivasz/Noveno semestre/Fuzzy{\_}project{\_}bibliography/gayathri2015.pdf:pdf},
isbn = {9781479978489},
journal = {2015 IEEE International Conference on Computational Intelligence and Computing Research, ICCIC 2015},
keywords = {Centroid of Area,Fuzyy logic,Linear Discriminant Analysis,Mamdani fuzzy inference},
mendeley-groups = {Fuzzy cancer},
title = {{Mamdani fuzzy inference system for breast cancer risk detection}},
year = {2016}
}
@article{Kentel2004,
author = {Kentel, E. and Aral, Mustafa M.},
doi = {10.1007/s00477-004-0187-3},
file = {:home/camivasz/Noveno semestre/Fuzzy{\_}project{\_}bibliography/Kentel-Aral2004{\_}Article{\_}Probabilistic-fuzzyHealthRiskM.pdf:pdf},
issn = {14363240},
journal = {Stochastic Environmental Research and Risk Assessment},
keywords = {Exposure,Fuzzy set theory,Human health risk,Probability theory,Uncertainty,Variability},
mendeley-groups = {Fuzzy cancer},
number = {5},
pages = {324--338},
title = {{Probabilistic-fuzzy health risk modeling}},
volume = {18},
year = {2004}
}
@article{Latha2013,
author = {Latha, K.},
number = {1},
pages = {114--117},
title = {{Visualization of Risk in Breast Cancer Using Fuzzy Logic in MATLAB Environment}},
journal = {International Journal of Computational Intelligence Techniques},
volume = {4},
year = {2013}
}
@article{Tatari2012,
author = {Tatari, Farzaneh and Akbarzadeh-T, Mohammad R. and Sabahi, Ahmad},
doi = {10.1016/j.jbi.2012.05.004},
issn = {15320464},
journal = {Journal of Biomedical Informatics},
keywords = {Breast cancer,Fuzzy probability,Fuzzy-probabilistic multi agent system,Insurance premium,Uncertainty},
mendeley-groups = {Fuzzy cancer},
number = {6},
pages = {1021--1034},
pmid = {22692028},
publisher = {Elsevier Inc.},
title = {{Fuzzy-probabilistic multi agent system for breast cancer risk assessment and insurance premium assignment}},
url = {http://dx.doi.org/10.1016/j.jbi.2012.05.004},
volume = {45},
year = {2012}
}
@article{Buyukavcu2016,
author = {B{\"{u}}y{\"{u}}kavcu, Ayşeg{\"{u}}l and Albayrak, Y. Esra and G{\"{o}}ker, Nazli},
doi = {10.1016/j.asoc.2015.09.026},
file = {:home/camivasz/Noveno semestre/Fuzzy{\_}project{\_}bibliography/1-s2.0-S1568494615005980-main.pdf:pdf},
issn = {15684946},
journal = {Applied Soft Computing Journal},
keywords = {Breast cancer risk factors,Fuzzy inference rules,Fuzzy information,Rule-Based Fuzzy Cognitive Maps},
mendeley-groups = {Fuzzy cancer},
pages = {437--452},
title = {{A fuzzy information-based approach for breast cancer risk factors assessment}},
volume = {38},
year = {2016}
}

@article{Dom2012,
author = {Dom, Rosma Mohd and Abidin, Basir and Kareem, Sameem Abdul and Ismail, Siti Mazlipah and Daud, Norzaidi Mohd},
journal = {Sains Malaysiana},
keywords = {Fuzzy logic,Fuzzy neural networks,Fuzzy regression,Oral cancer,Prediction performance},
mendeley-groups = {Fuzzy cancer},
number = {5},
pages = {633--640},
title = {{Determining the critical success factors of oral cancer susceptibility prediction in Malaysia using fuzzy models}},
volume = {41},
year = {2012}
}
@article{Shleeg2013,
author = {Shleeg, Alshalaa A and Ellabib, Issmail M},
journal = {International Journal of Computer, Electrical, Automation, Control and Information Engineering},
keywords = {ancer of the breast,breast cancer diagnosis,burden worldwide,cancer,despite the billions of,dollars spent on breast,fis,fuzzy inference system,fuzzy intelligent technique,fuzzy logic,is a major health},
mendeley-groups = {Fuzzy cancer},
number = {10},
pages = {1343--1347},
title = {{Comparison of Mamdani and Sugeno Fuzzy Interference Systems for the Breast Cancer Risk}},
volume = {7},
year = {2013}
}
@article{Subramanian2015,
author = {Subramanian, Jayashree and Karmegam, Akila and Papageorgiou, Elpiniki and Papandrianos, Nikolaos and Vasukie, A.},
doi = {10.1016/j.cmpb.2015.01.001},
issn = {18727565},
journal = {Computer Methods and Programs in Biomedicine},
mendeley-groups = {Fuzzy cancer},
number = {3},
pages = {280--297},
publisher = {Elsevier Ireland Ltd},
title = {{An integrated breast cancer risk assessment and management model based on fuzzy cognitive maps}},
url = {http://dx.doi.org/10.1016/j.cmpb.2015.01.001},
volume = {118},
year = {2015}
}

